@misc{redis,
	key = {redis}, 
	title = {{R}edis},
	howpublished = {\url{http://redis.io/}},
	note = {Accessed: 2013-10-26}
}

@misc{mongodb,
	key = {mongodb},
	title = {{M}ongo{DB}},
	howpublished = {\url{http://www.mongodb.org/}},
	note = {Accessed: 2013-10-26}
}

@misc{neo4j,
	key = {neo4j},
	title = {{N}eo4j - The {W}orld's {L}eading {G}raph {D}atabase},
	howpublished = {\url{http://www.neo4j.org/}},
	note = {Accessed: 2013-10-26}
}

@misc{csa,
	key = {Cloud Computing Alliance},
	title = {The Cloud Security Alliance},
	howpublished = {\url{https://cloudsecurityalliance.org/}},
	note = {Accessed: 2013-10-26}
}

@misc{csa-noni:13,
	author = {Cloud Computing Alliance},
	year = 2013,
	title = {The Notorious Nine: Cloud Computing Top Threats in 2013},
	howpublished = {\url{https://cloudsecurityalliance.org/download/the-notorious-nine-cloud-computing-top-threats-in-2013/}},
	note = {Accessed: 2013-10-22}
}

@misc{csa-ccmv3:13,
	author = {Cloud Computing Alliance},
	year = 2013,
	title = {Cloud Controls Matrix v.3},
	howpublished = {\url{https://cloudsecurityalliance.org/download/cloud-controls-matrix-v3/}},
	note = {Accessed: 2013-11-01}
}

@inproceedings{ZhJuReRi:12,
  title={Cross-VM side channels and their use to extract private keys},
  author={Zhang, Yinqian and Juels, Ari and Reiter, Michael K and Ristenpart, Thomas},
  booktitle={Proceedings of the 2012 ACM conference on Computer and communications security},
  pages={305--316},
  year={2012},
  organization={ACM}
}

@misc{De:12,
	title = {TD Bank misplaced the unencrypted data of 267,000 customers},
	howpublished = {\url{http://www.techspot.com/news/50514-td-bank-misplaced-the-unencrypted-data-of-267000-customers.html}},
	year = 2012,
	month = 10,
	day = 16,
	author = {DeCarlo, Matthew},
	note = {Accessed: 2013-10-26}
}

@misc{rackspace-api:13,
	key = {rackspace},
	title = {{API} Documentation},
	howpublished = {\url{http://docs.rackspace.com/}},
	note = {Accessed: 2013-10-26}
}

@misc{amazon-api:13,
	key = {amazon},
	title = {{AWS} {SDK}s \& Tools},
	howpublished = {\url{http://aws.amazon.com/tools/}},
	note = {Accessed: 2013-10-26}
}

@MISC{nist-sp-800-145,
    author = {Mell, Peter and Grance, Timothy},
    title = {NIST SP 800-145: The NIST Definition of Cloud Computing},
    year = 2011,
    month = 9
}